{
  "id": "gen9vgc2025regjbo3-2414024536",
  "format": "[Gen 9] VGC 2025 Reg J (Bo3)",
  "players": [
    "kilenget",
    "Lycopoky"
  ],
  "log": "|j|☆kilenget\n|j|☆Lycopoky\n|html|kilenget</td>Lycopoky</tr>\n</i> </i> </td></i> </i> </tr></table>\n|uhtml|bestof|\n## Game 1</strong> of a best-of-3</a></h2>\n|t:|1754154970\n|gametype|doubles\n|player|p1|kilenget|alder|\n|player|p2|Lycopoky|ballguy|\n|gen|9\n|tier|[Gen 9] VGC 2025 Reg J (Bo3)\n|rule|Species Clause: Limit one of each Pokémon\n|rule|Item Clause: Limit 1 of each item\n|clearpoke\n|poke|p1|Deoxys-Attack, L50|\n|poke|p1|Indeedee-F, L50, F|\n|poke|p1|Whimsicott, L50, F|\n|poke|p1|Zamazenta-*, L50|\n|poke|p1|Incineroar, L50, M|\n|poke|p1|Landorus, L50, M|\n|poke|p2|Koraidon, L50|\n|poke|p2|Arceus-Fire, L50|\n|poke|p2|Flutter Mane, L50|\n|poke|p2|Rillaboom, L50, M|\n|poke|p2|Volcarona, L50, M|\n|poke|p2|Walking Wake, L50|\n|teampreview|4\n|showteam|p1|Deoxys-Attack||FocusSash|Pressure|PsychoBoost,ExpandingForce,KnockOff,Protect||||||50|,,,,,Psychic]Indeedee-F||PsychicSeed|PsychicSurge|Psychic,FollowMe,HelpingHand,TrickRoom|||F|||50|,,,,,Fairy]Whimsicott||CovertCloak|Prankster|HelpingHand,LightScreen,Tailwind,Moonblast|||F|||50|,,,,,Dark]Zamazenta-Crowned||RustedShield|DauntlessShield|BodyPress,behemothbash,Protect,WideGuard||||||50|,,,,,Dragon]Incineroar||RockyHelmet|Intimidate|KnockOff,WillOWisp,FakeOut,PartingShot|||M|||50|,,,,,Bug]Landorus||LifeOrb|SheerForce|EarthPower,SludgeBomb,Taunt,Protect|||M|||50|,,,,,Poison\n|showteam|p2|Koraidon||LifeOrb|OrichalcumPulse|CloseCombat,FlareBlitz,FlameCharge,Protect||||||50|,,,,,Fire]Arceus-Fire||FlamePlate|Multitype|HeatWave,CalmMind,Judgment,Protect||||||50|,,,,,Grass]Flutter Mane||FocusSash|Protosynthesis|Moonblast,IcyWind,Taunt,Protect||||||50|,,,,,Fairy]Rillaboom||AssaultVest|GrassySurge|FakeOut,GrassyGlide,WoodHammer,Uturn|||M|||50|,,,,,Fire]Volcarona||RockyHelmet|FlameBody|RagePowder,FieryDance,WillOWisp,Protect|||M|||50|,,,,,Water]Walking Wake||CovertCloak|Protosynthesis|Snarl,HydroSteam,DracoMeteor,Protect||||||50|,,,,,Water\n|inactive|Battle timer is ON: inactive players will automatically lose when time's up.\n(requested by Lycopoky)\n|c|☆Lycopoky|glhf!\n|c|☆kilenget|glhf\"\n|c|☆kilenget|!\n|inactive|kilenget has 60 seconds left.\n|\n|t:|1754155022\n|teamsize|p1|4\n|teamsize|p2|4\n|start\n|switch|p1a: Deoxys|Deoxys-Attack, L50|100/100\n|switch|p1b: Whimsicott|Whimsicott, L50, F|100/100\n|switch|p2a: Arceus|Arceus-Fire, L50|100/100\n|switch|p2b: Volcarona|Volcarona, L50, M|100/100\n|-ability|p1a: Deoxys|Pressure\n|turn|1\n|inactive|kilenget has 30 seconds left.\n|\n|t:|1754155049\n|switch|p1b: Indeedee|Indeedee-F, L50, F|100/100\n|-fieldstart|move: Psychic Terrain|[from] ability: Psychic Surge|[of] p1b: Indeedee\n|-enditem|p1b: Indeedee|Psychic Seed\n|-boost|p1b: Indeedee|spd|1|[from] item: Psychic Seed\n|-terastallize|p1a: Deoxys|Psychic\n|move|p1a: Deoxys|Expanding Force|p2a: Arceus|[spread] p2a,p2b\n|-damage|p2a: Arceus|29/100\n|-damage|p2b: Volcarona|6/100\n|move|p2a: Arceus|Calm Mind|p2a: Arceus\n|-boost|p2a: Arceus|spa|1\n|-boost|p2a: Arceus|spd|1\n|move|p2b: Volcarona|Fiery Dance|p1a: Deoxys\n|-enditem|p1a: Deoxys|Focus Sash\n|-damage|p1a: Deoxys|1/100\n|-boost|p2b: Volcarona|spa|1\n|\n|upkeep\n|turn|2\n|inactive|kilenget has 30 seconds left.\n|\n|t:|1754155076\n|switch|p2b: Rillaboom|Rillaboom, L50, M|100/100\n|-fieldstart|move: Grassy Terrain|[from] ability: Grassy Surge|[of] p2b: Rillaboom\n|switch|p1b: Whimsicott|Whimsicott, L50, F|100/100\n|move|p1a: Deoxys|Protect|p1a: Deoxys\n|-singleturn|p1a: Deoxys|Protect\n|move|p2a: Arceus|Protect||[still]\n|-fail|p2a: Arceus\n|\n|-heal|p1a: Deoxys|7/100|[from] Grassy Terrain\n|-heal|p2a: Arceus|35/100|[from] Grassy Terrain\n|upkeep\n|turn|3\n|\n|t:|1754155100\n|switch|p1b: Indeedee|Indeedee-F, L50, F|100/100\n|-fieldstart|move: Psychic Terrain|[from] ability: Psychic Surge|[of] p1b: Indeedee\n|move|p2a: Arceus|Protect|p2a: Arceus\n|-singleturn|p2a: Arceus|Protect\n|move|p1a: Deoxys|Psycho Boost|p2b: Rillaboom\n|-damage|p2b: Rillaboom|3/100\n|-unboost|p1a: Deoxys|spa|2\n|move|p2b: Rillaboom|U-turn|p1a: Deoxys\n|-supereffective|p1a: Deoxys\n|-damage|p1a: Deoxys|0 fnt\n|faint|p1a: Deoxys\n|\n|t:|1754155102\n|switch|p2b: Koraidon|Koraidon, L50|100/100|[from] U-turn\n|-weather|SunnyDay|[from] ability: Orichalcum Pulse|[of] p2b: Koraidon\n|-activate|p2b: Koraidon|Orichalcum Pulse|[source]\n|\n|-weather|SunnyDay|[upkeep]\n|upkeep\n|\n|t:|1754155120\n|switch|p1a: Whimsicott|Whimsicott, L50, F|100/100\n|turn|4\n|\n|t:|1754155139\n|-terastallize|p2b: Koraidon|Fire\n|move|p1a: Whimsicott|Tailwind|p1a: Whimsicott\n|-sidestart|p1: kilenget|move: Tailwind\n|move|p1b: Indeedee|Psychic|p2b: Koraidon\n|-damage|p2b: Koraidon|61/100\n|move|p2b: Koraidon|Flame Charge|p1b: Indeedee\n|-damage|p1b: Indeedee|14/100\n|-boost|p2b: Koraidon|spe|1\n|-damage|p2b: Koraidon|52/100|[from] item: Life Orb\n|move|p2a: Arceus|Heat Wave|p1b: Indeedee|[spread] p1a,p1b\n|-supereffective|p1a: Whimsicott\n|-damage|p1a: Whimsicott|0 fnt\n|-damage|p1b: Indeedee|0 fnt\n|faint|p1a: Whimsicott\n|faint|p1b: Indeedee\n|\n|-weather|SunnyDay|[upkeep]\n|upkeep\n|\n|t:|1754155152\n|switch|p1b: Landorus|Landorus, L50, M|100/100\n|turn|5\n|\n|t:|1754155171\n|move|p2b: Koraidon|Flare Blitz|p1b: Landorus\n|-damage|p1b: Landorus|0 fnt\n|faint|p1b: Landorus\n|-damage|p2b: Koraidon|16/100|[from] Recoil\n|-damage|p2b: Koraidon|6/100|[from] item: Life Orb\n|\n|win|Lycopoky\n",
  "uploadtime": 1754155173,
  "views": 87,
  "formatid": "gen9vgc2025regjbo3",
  "rating": null,
  "private": 1,
  "password": "ey54jc53vyjqy20sq0ww1l5nd3bq5qh"
}
